
@article{haklay_neogeography_2013,
	title = {Neogeography and the {Delusion} of {Democratisation}:},
	shorttitle = {Neogeography and the {Delusion} of {Democratisation}},
	url = {https://journals.sagepub.com/doi/10.1068/a45184},
	doi = {10.1068/a45184},
	abstract = {Within the academic and popular discussion of neogeography, it is routinely argued that the process of producing and using geographical information has been fun...},
	language = {en},
	urldate = {2020-01-21},
	journal = {Environment and Planning A},
	author = {Haklay, Mordechai (Muki)},
	month = jan,
	year = {2013},
	file = {Snapshot:C\:\\Users\\hanna\\Zotero\\storage\\JDMKFANT\\a45184.html:text/html;Submitted Version:C\:\\Users\\hanna\\Zotero\\storage\\STPSHN3K\\Haklay - 2013 - Neogeography and the Delusion of Democratisation.pdf:application/pdf}
}

@article{antoniou_measures_2015,
	title = {Measures and {Indicators} of {VGI} {Quality}: {An} {Overview}},
	volume = {II-3/W5},
	issn = {2194-9050},
	shorttitle = {Measures and {Indicators} of {VGI} {Quality}: {An} {Overview}},
	url = {https://journals.sagepub.com/doi/10.1068/a45184},
	doi = {10.1068/a45184},
	abstract = {},
	language = {en},
	urldate = {2020-06-11},
	journal = {ISPRS Annals of Photogrammetry, Remote Sensing and Spatial Information Sciences},
	author = {Antoniou, V.},
	year = {2015},
	pages = {345--351}
}


